@webpage{site:w3cxslt,
	Title = {Pagina dello standard XSL Transformation},
	Url = {http://www.w3.org/TR/xslt20/},
	Bdsk-Url-1 = {http://www.w3.org/TR/xslt20/}}

@webpage{site:w3chtml5,
	Title = {Pagina dello standard HTML5},
	Url = {http://www.w3.org/TR/html5/},
	Bdsk-Url-1 = {http://www.w3.org/TR/html5/}}

@book{flanaganjavascript,
	Author = {David Flanagan},
	Publisher = {O'Reilly},
	Title = {Javascript - The dinitive Guide},
	Year = {2011}}

@webpage{site:xmlhttpcompatibilita,
	Title = {Pagina per il confronto di compatibilit{\`a} dei vari browser per l'API XMLHttp},
	Url = {http://caniuse.com/#feat=xhr2},
	Bdsk-Url-1 = {http://caniuse.com/#feat=xhr2}}

@webpage{site:w3cXMLHttpRequest1,
	Title = {Pagina dell XMLHttpRequest Candidate Recommendation},
	Url = {http://www.w3.org/TR/2012/NOTE-XMLHttpRequest1-20120117/},
	Bdsk-Url-1 = {http://www.w3.org/TR/2012/NOTE-XMLHttpRequest1-20120117/}}

@webpage{site:ajaxhtml,
	Title = {Tutorial su AJAX},
	Url = {http://www.html.it/guide/guida-ajax/},
	Bdsk-Url-1 = {http://www.html.it/guide/guida-ajax/}}

@webpage{site:isosgml,
	Title = {Pagina dello standard SGML},
	Url = {http://www.iso.org/iso/catalogue_detail.htm?csnumber=16387},
	Bdsk-Url-1 = {http://www.iso.org/iso/catalogue_detail.htm?csnumber=16387}}

@webpage{site:w3dx3d,
	Title = {Pagina dello standard X3D},
	Url = {http://www.web3d.org/documents/specifications/19775-1/V3.3/},
	Bdsk-Url-1 = {http://www.web3d.org/documents/specifications/19775-1/V3.3/}}

@webpage{site:w3csvg,
	Title = {Pagina dello standard SVG},
	Url = {http://www.w3.org/TR/SVG/},
	Bdsk-Url-1 = {http://www.w3.org/TR/SVG/}}

@webpage{site:isoodf,
	Title = {Pagina dello standard ODF},
	Url = {http://www.iso.org/iso/iso_catalogue/catalogue_tc/catalogue_detail.htm?csnumber=43485},
	Bdsk-Url-1 = {http://www.iso.org/iso/iso_catalogue/catalogue_tc/catalogue_detail.htm?csnumber=43485}}

@webpage{site:w3cxmlschame,
	Date-Modified = {2014-12-01 17:34:47 +0000},
	Title = {Pagina dello standard XML Schema},
	Url = {http://www.w3.org/TR/xmlschema11-1/},
	Bdsk-Url-1 = {http://www.w3.org/TR/xmlschema11-1/}}

@book{tanenbaum:reti,
	Author = {Tanenbaum, A.S.},
	Date-Modified = {2014-12-01 09:34:36 +0000},
	Publisher = {Pearson Education Italia},
	Title = {Reti di calcolatori},
	Year = {2011},
	Bdsk-Url-1 = {http://books.google.it/books?id=n5m6VFpZYgUC}}

@webpage{site:w3cxml,
	Date-Modified = {2014-12-01 17:35:35 +0000},
	Title = {Pagina dello standard XML},
	Url = {http://www.w3.org/XML/},
	Bdsk-Url-1 = {http://www.w3.org/XML/}}
