%% This BibTeX bibliography file was created using BibDesk.
%% http://bibdesk.sourceforge.net/

%% Created for matteo scarpa at 2014-11-12 13:41:13 +0100 

%% Saved with string encoding Unicode (UTF-8) 

@url{w3c,
	Title = {Pagina dello standard XML su W3C},
	Url = {http://www.w3.org/XML/}}
